@misc{colorTheory,
    author = {Colors Explained},
    title = {Color Theory},
    howpublished = {\url{https://www.colorsexplained.com/color-theory/}},
    note = {Accessed: 2024-11-15}
}

@misc{userPersonas,
    author = {Qubstudio},
    title = {User Personas},
    howpublished = {\url{https://qubstudio.com/blog/4-examples-of-ux-personas/}},
    note = {Accessed: 2024-11-15}
}

@misc{moscowMatrix,
    author = {YouTube},
    title = {Agile in Practice: Prioritisation using MoSCoW},
    howpublished = {\url{https://www.youtube.com/watch?v=QfZo9cxnQgY}},
    note = {Accessed: 2024-11-15}
}

@misc{productMarketFit,
    author = {ProductPlan},
    title = {Product Market Fit},
    howpublished = {\url{https://www.productplan.com/glossary/product-market-fit/}},
    note = {Accessed: 2024-11-15}
}

@misc{valuePropositionCanvas,
    author = {Strategyzer},
    title = {The Value Proposition Canvas},
    howpublished = {\url{https://www.strategyzer.com/library/the-value-proposition-canvas}},
    note = {Accessed: 2024-11-15}
}

@misc{doubleDiamond,
    author = {Design Council},
    title = {The Double Diamond},
    howpublished = {\url{https://www.designcouncil.org.uk/our-resources/the-double-diamond/}},
    note = {Accessed: 2024-11-15}
}

@misc{userJourneys,
    author = {NNGroup},
    title = {User Journeys vs. User Flows},
    howpublished = {\url{https://www.nngroup.com/articles/user-journeys-vs-user-flows/}},
    note = {Accessed: 2024-11-15}
}

@misc{uxDeliverables,
    author = {UXPlanet},
    title = {A Complete List Of UX Deliverables},
    howpublished = {\url{https://uxplanet.org/a-complete-list-of-ux-deliverables-d62ccf1de434}},
    note = {Accessed: 2024-11-15}
}

@misc{lowFidelity,
    author = {Decode},
    title = {Low-fidelity vs. high-fidelity wireframes: the main differences},
    howpublished = {\url{https://decode.agency/article/low-fidelity-vs-high-fidelity-wireframes/}},
    note = {Accessed: 2024-11-15}
}

@misc{styleTiles,
    author = {Style Tiles},
    title = {Style Tiles},
    howpublished = {\url{https://styletil.es}},
    note = {Accessed: 2024-11-15}
}

@misc{stakeholder,
    author = {Cambridge Dictionary},
    title = {Stakeholder},
    howpublished = {\url{https://dictionary.cambridge.org/dictionary/english/stakeholder}},
    note = {Accessed: 2024-12-23}
}

@misc{business-canvas-model,
    author = {Strategyzer},
    title = {Business Canvas Model},
    howpublished = {\url{https://www.strategyzer.com/library/the-business-model-canvasr}},
    note = {Accessed: 2024-12-26}
}

@misc{leanStartUp,
    author = {Eric Ries},
    title = {The Lean StartUp},
    howpublished = {\url{https://theleanstartup.com/principles}},
    note = {Accessed: 2025-02-27}
}

@misc{eslint,
    author = {OpenJS Foundation},
    title = {ESLint},
    howpublished = {\url{https://eslint.org/docs/latest/}},
    note = {Accessed: 2025-03-12}
}

@misc{prettier,
    author = {Prettier},
    title = {Preitter},
    howpublished = {\url{https://prettier.io/docs/}},
    note = {Accessed: 2025-03-12}
}

@misc{typescript,
    author = {Microsoft},
    title = {TypeScript},
    howpublished = {\url{https://www.typescriptlang.org/docs/handbook/intro.html}},
    note = {Accessed: 2025-03-12}
}

@misc{dockerCompose,
    author = {Docker Inc.},
    title = {Docker Compose},
    howpublished = {\url{https://docs.docker.com/compose/}},
    note = {Accessed: 2025-03-12}
}

@misc{git,
    author = {Software Freedom Conservancy},
    title = {Git},
    howpublished = {\url{https://git-scm.com/docs}},
    note = {Accessed: 2025-03-12}
}

@misc{githubActions,
    author = {Microsoft},
    title = {GitHub Actions},
    howpublished = {\url{https://docs.github.com/en/actions/about-github-actions/understanding-github-actions}},
    note = {Accessed: 2025-03-12}
}

@misc{postgres,
    author = {The PostgreSQL Global Development Group},
    title = {PostgreSQL},
    howpublished = {\url{https://www.postgresql.org/docs/17/index.html}},
    note = {Accessed: 2025-03-12}
}

@misc{kysely,
    author = {Kysely Org.},
    title = {Kysely},
    howpublished = {\url{https://kysely.dev/docs/intro}},
    note = {Accessed: 2025-03-12}
}

@misc{nextjs,
    author = {Vercel Inc.},
    title = {NextJS: The React Framework for the Web},
    howpublished = {\url{https://nextjs.org/docs}},
    note = {Accessed: 2025-03-12}
}

@misc{tailwind,
    author = {Tailwind Labs Inc.},
    title = {Rapidly build modern websites without ever leaving your HTML.},
    howpublished = {\url{https://tailwindcss.com/docs/installation/using-postcss}},
    note = {Accessed: 2025-03-12}
}

@misc{shadcn,
    author = {ShadCN},
    title = {Build your component library},
    howpublished = {\url{https://ui.shadcn.com/docs/installation}},
    note = {Accessed: 2025-03-12}
}